<record><leader>00000cas a22000007a 4500</leader><controlfield tag="001">22537345</controlfield><controlfield tag="008">901019d19uu1952couwr ne      0    0eng d</controlfield><datafield ind1=" " ind2=" " tag="010"><subfield code="a">sn 90051801 </subfield></datafield><datafield ind1=" " ind2=" " tag="040"><subfield code="a">CNQ</subfield><subfield code="b">eng</subfield><subfield code="c">CNQ</subfield><subfield code="d">OCLCQ</subfield></datafield><datafield ind1=" " ind2=" " tag="042"><subfield code="a">msc</subfield></datafield><datafield ind1="0" ind2=" " tag="130"><subfield code="a">Sterling farm journal (Sterling, Colo.)</subfield></datafield><datafield ind1="1" ind2="0" tag="245"><subfield code="a">Sterling farm journal.</subfield></datafield><datafield ind1="1" ind2="3" tag="246"><subfield code="a">Sterling farm journal formerly the Sterling democrat</subfield></datafield><datafield ind1=" " ind2=" " tag="260"><subfield code="a">Sterling, Colo. :</subfield><subfield code="b">John N. Green and Chas. O. Unfug</subfield></datafield><datafield ind1=" " ind2=" " tag="300"><subfield code="a">v.</subfield></datafield><datafield ind1=" " ind2=" " tag="310"><subfield code="a">Weekly</subfield></datafield><datafield ind1="1" ind2=" " tag="362"><subfield code="a">Ceased in 1952.</subfield></datafield><datafield ind1=" " ind2=" " tag="530"><subfield code="a">Available on microfilm from the Colorado Historical Society.</subfield></datafield><datafield ind1=" " ind2=" " tag="588"><subfield code="a">Description based on: Vol. 25, no. 28 (Jan. 16, 1930).</subfield></datafield><datafield ind1=" " ind2=" " tag="752"><subfield code="a">United States</subfield><subfield code="b">Colorado</subfield><subfield code="c">Logan</subfield><subfield code="d">Sterling.</subfield></datafield><datafield ind1="0" ind2="0" tag="780"><subfield code="t">Sterling democrat</subfield><subfield code="w">(DLC)sn 91052160</subfield></datafield><datafield ind1="0" ind2="5" tag="780"><subfield code="t">Tri-county herald</subfield><subfield code="w">(DLC)sn 90051858</subfield></datafield><datafield ind1="0" ind2="0" tag="785"><subfield code="t">High plains daily journal</subfield><subfield code="w">(DLC)sn 90051802</subfield></datafield></record>